% This file was created with JabRef 2.7b.
% Encoding: UTF-8

@INPROCEEDINGS{CorboGP07,
  author = {Corbo, Filippo and Grosso, Concettina Del and Penta, Massimiliano
	Di},
  title = {Smart Formatter: Learning Coding Style from Existing Source Code.},
  booktitle = {ICSM},
  year = {2007},
  pages = {525-526},
  publisher = {IEEE},
  added-at = {2008-11-18T00:00:00.000+0100},
  biburl = {http://www.bibsonomy.org/bibtex/258dafd2605f8eb9c75f5480a40e0533f/dblp},
  crossref = {conf/icsm/2007},
  date = {2008-11-18},
  description = {dblp},
  ee = {http://dx.doi.org/10.1109/ICSM.2007.4362682},
  file = {:/home/anagno/Documents/unipi/1ο Εξάμηνο/Εισαγωγή στην Επιστήμη των Υπολογιστών/references/CorboGP07.pdf:PDF},
  interhash = {c80e5c9e2601e939f76610763f2aa532},
  intrahash = {58dafd2605f8eb9c75f5480a40e0533f},
  keywords = {dblp},
  timestamp = {2008-11-18T00:00:00.000+0100},
  url = {http://dblp.uni-trier.de/db/conf/icsm/icsm2007.html#CorboGP07}
}

@MANUAL{gnu_coding,
  title = {GNU Coding Standards},
  author = {Richard Stallman et all.},
  month = {December},
  year = {2013},
  file = {:/home/anagno/Documents/unipi/1ο Εξάμηνο/Εισαγωγή στην Επιστήμη των Υπολογιστών/references/gnu_standards.pdf:PDF},
  timestamp = {2013.12.21},
  url = {http://www.gnu.org/prep/standards/standards.pdf}
}

@ARTICLE{ala2004supporting,
  author = {Ala-Mutka, Kirsti and Uimonen, Toni and Jarvinen, Hannu-Matti},
  title = {Supporting students in C++ programming courses with automatic program
	style assessment},
  journal = {Journal of Information Technology Education},
  year = {2004},
  volume = {3},
  pages = {245--262},
  file = {:/home/anagno/Documents/unipi/1ο Εξάμηνο/Εισαγωγή στην Επιστήμη των Υπολογιστών/references/ala2004supporting.pdf:PDF},
  publisher = {Citeseer}
}

@INPROCEEDINGS{Ayerbe,
  author = {Ayerbe, A. and Vazquez, I.},
  title = {Software products quality improvement with a programming style guide
	and a measurement process},
  booktitle = {Computer Software and Applications Conference, 1998. COMPSAC '98.
	Proceedings. The Twenty-Second Annual International},
  year = {1998},
  pages = {172-178},
  doi = {10.1109/CMPSAC.1998.716653},
  file = {:/home/anagno/Documents/unipi/1ο Εξάμηνο/Εισαγωγή στην Επιστήμη των Υπολογιστών/Θέμα Εξαμήνου/references/Ayerbe.pdf:PDF},
  issn = {0730-3157},
  keywords = {object-oriented programming;software maintenance;software metrics;software
	quality;C++ coding;QUALIMET;code complexity minimisation;customer
	satisfaction;industrial software;maintainable software;measurement
	process;metrics;programming style guide;quality assurance techniques;software
	development process;software product quality improvement;source code
	correctness;testing;Certification;Ear;Electrical capacitance tomography;Electronic
	switching systems;Project management;Robot programming;Software engineering;Software
	measurement;Software quality;Testing}
}

@MISC{site:boost_guidelines,
  author = {Boost},
  title = {Boost Library Requirements and Guidelines},
  howpublished = {\url{http://www.boost.org/development/requirements.html}},
  note = {[Πρόσβαση στις 21 Δεκμβρίου 2013]},
  timestamp = {2013.12.21},
  url = {http://www.boost.org/development/requirements.html}
}

@MISC{site:codding_matters,
  author = {Thomas C. Bressoud},
  title = {C++ Programming Style Guide},
  howpublished = {\url{http://coding.smashingmagazine.com/2012/10/25/why-coding-style-matters/}},
  note = {[Πρόσβαση στις 18 Δεκμβρίου 2013]},
  file = {:/home/anagno/Documents/unipi/1ο Εξάμηνο/Εισαγωγή στην Επιστήμη των Υπολογιστών/references/Bressoud.pdf:PDF},
  timestamp = {2013.12.18},
  url = {http://personal.denison.edu/~bressoud/cs173-s07/styleguide.pdf}
}

@INPROCEEDINGS{And95softwaremaintenance,
  author = {Gerardo Canfora And and Gerardo Canfora and Aniello Cimitile},
  title = {Software Maintenance},
  booktitle = {In Proc. 7th Int. Conf. Software Engineering and Knowledge Engineering},
  year = {1995},
  pages = {478--486},
  file = {:/home/anagno/Documents/unipi/1ο Εξάμηνο/Εισαγωγή στην Επιστήμη των Υπολογιστών/Θέμα Εξαμήνου/references/And95softwaremaintenance.pdf:PDF}
}

@MANUAL{JSF-AV-rules,
  title = {C++ coding standards for the system development and demonstration
	program},
  author = {Lockheed Martin Corporation},
  organization = {Lockheed Martin Corporation},
  edition = {2RDU00001 Rev C},
  month = {December},
  year = {2005},
  file = {:/home/anagno/Documents/unipi/1ο Εξάμηνο/Εισαγωγή στην Επιστήμη των Υπολογιστών/Θέμα Εξαμήνου/references/JSF-AV-rules.pdf:PDF},
  timestamp = {2013.12.31}
}

@INPROCEEDINGS{Cox,
  author = {Cox, A. and Fisher, M.},
  title = {Programming Style: Influences, Factors, and Elements},
  booktitle = {Advances in Computer-Human Interactions, 2009. ACHI '09. Second International
	Conferences on},
  year = {2009},
  pages = {82-89},
  doi = {10.1109/ACHI.2009.48},
  file = {:/home/anagno/Documents/unipi/1ο Εξάμηνο/Εισαγωγή στην Επιστήμη των Υπολογιστών/references/Cox.pdf:PDF},
  keywords = {programming;software maintenance;computer programming;programming
	style;software development;software maintenance tasks;Cultural differences;Management
	information systems;Navigation;Problem-solving;Program processors;Programming
	profession;Psychology;Software maintenance;Switches;Testing;Programmer
	Behaviour;Programming;Programming Strategy;Programming Style}
}

@BOOK{deitel2011c++,
  title = {C++: How to Program},
  publisher = {Prentice Hall PTR},
  year = {2011},
  author = {Deitel, P.J. and Deitel, H.M.},
  series = {Deitel series},
  isbn = {9780132662369},
  lccn = {2011000245},
  url = {http://books.google.gr/books?id=Y8Q6XwAACAAJ}
}

@MISC{site:gnu_conventions,
  author = {GCC},
  title = {GCC Coding Conventions},
  howpublished = {\url{http://gcc.gnu.org/codingconventions.html}},
  note = {[Πρόσβαση στις 21 Δεκμβρίου 2013]},
  timestamp = {2013.12.21},
  url = {http://gcc.gnu.org/codingconventions.html}
}

@BOOK{robert2003facts,
  title = {Facts and Fallacies of Software Engineering},
  publisher = {Addison-Wesley},
  year = {2003},
  author = {Robert L. Glass},
  series = {Agile Software Development},
  file = {:/home/anagno/Documents/unipi/1ο Εξάμηνο/Εισαγωγή στην Επιστήμη των Υπολογιστών/Θέμα Εξαμήνου/references/robert2003facts.pdf:PDF},
  isbn = {9780321117427},
  lccn = {20227737},
  url = {http://books.google.gr/books?id=3Ntz-UJzZN0C}
}

@MISC{site:gnu_style,
  author = {GNU},
  title = {GNU Coding Standards},
  howpublished = {\url{http://www.gnu.org/prep/standards/standards.html}},
  note = {[Πρόσβαση στις 18 Δεκμβρίου 2013]},
  timestamp = {2013.12.18},
  url = {http://www.gnu.org/prep/standards/standards.html}
}

@MISC{site:google_cpp,
  author = {Google},
  title = {Google Style Guide},
  howpublished = {\url{http://code.google.com/p/google-styleguide/}},
  note = {[Πρόσβαση στις 18 Δεκμβρίου 2013]},
  timestamp = {2013.12.18},
  url = {http://code.google.com/p/google-styleguide/}
}

@MISC{site:google_style,
  author = {Google},
  title = {Google C++ Style Guide},
  howpublished = {\url{http://google-styleguide.googlecode.com/svn/trunk/cppguide.xml}},
  note = {[Πρόσβαση στις 18 Δεκμβρίου 2013]},
  timestamp = {2013.12.18},
  url = {http://google-styleguide.googlecode.com/svn/trunk/cppguide.xml}
}

@MISC{programming2003high,
  author = {Programming Research Group and others},
  title = {High-Integrity C++ Coding Standard Manual: Version 3.3},
  howpublished = {\url{http://www.programmingresearch.com/content/misc/hicpp-manual-version-3-3.pdf}},
  year = {2013},
  note = {[Πρόσβαση στις 21 Δεκμβρίου 2013]},
  file = {:/home/anagno/Documents/unipi/1ο Εξάμηνο/Εισαγωγή στην Επιστήμη των Υπολογιστών/references/hicpp-manual-version-3-3.pdf:PDF},
  timestamp = {2013.12.18},
  url = {http://www.programmingresearch.com/content/misc/hicpp-manual-version-3-3.pdf}
}

@MISC{programming2013high,
  author = {Programming Research Group and others},
  title = {High-Integrity C++ Coding Standard Manual: Version 4.0},
  howpublished = {\url{http://www.codingstandard.com/section/index/}},
  year = {2013},
  note = {[Πρόσβαση στις 21 Δεκμβρίου 2013]},
  timestamp = {2013.12.21},
  url = {http://www.codingstandard.com/section/index/}
}

@BOOK{henricson1995industrial,
  title = {Industrial Strength C++; Rules and Recommendations},
  publisher = {Prentice Hall PTR},
  year = {1995},
  author = {Henricson, Mats and Nyquist, Erik},
  file = {:/home/anagno/Documents/unipi/1ο Εξάμηνο/Εισαγωγή στην Επιστήμη των Υπολογιστών/references/henricson1995industrial.pdf:PDF}
}

@MISC{site:taligent,
  author = {Taligent Inc},
  title = {Taligent Documentation},
  howpublished = {\url{http://root.cern.ch/TaligentDocs/TaligentOnline/DocumentRoot/1.0/Docs/books/WM/WM_3.html}},
  note = {[Πρόσβαση στις 28 Δεκμβρίου 2013]},
  owner = {anagno},
  timestamp = {2013.12.21},
  url = {http://root.cern.ch/TaligentDocs/TaligentOnline/DocumentRoot/1.0/Docs/books/WM/WM_3.html}
}

@BOOK{kernighan1988c,
  title = {The C Programming Language},
  publisher = {Prentice Hall},
  year = {1988},
  author = {Kernighan, B.W. and Ritchie, D.M.},
  series = {Prentice-Hall software series},
  file = {:/home/anagno/Documents/unipi/1ο Εξάμηνο/Εισαγωγή στην Επιστήμη των Υπολογιστών/Θέμα Εξαμήνου/references/kernighan1988c.pdf:PDF},
  isbn = {9780131103627},
  lccn = {77028983},
  url = {http://books.google.gr/books?id=161QAAAAMAAJ}
}

@BOOK{Kernighan,
  title = {The Elements of Programming Style},
  publisher = {McGraw-Hill, Inc.},
  year = {1982},
  author = {Kernighan, Brian W. and Plauger, P. J.},
  address = {New York, NY, USA},
  edition = {2nd},
  file = {:/home/anagno/Documents/unipi/1ο Εξάμηνο/Εισαγωγή στην Επιστήμη των Υπολογιστών/references/Kernighan.pdf:PDF;:/home/anagno/Documents/unipi/1ο Εξάμηνο/Εισαγωγή στην Επιστήμη των Υπολογιστών/references/Kernighan_2.pdf:PDF},
  isbn = {0070342075}
}

@ARTICLE{Kondoh200682,
  author = {Hidetaka Kondoh and Kokichi Futatsugi},
  title = {To use or not to use the goto statement: Programming styles viewed
	from Hoare Logic },
  journal = {Science of Computer Programming },
  year = {2006},
  volume = {60},
  pages = {82 - 116},
  number = {1},
  doi = {http://dx.doi.org/10.1016/j.scico.2005.05.003},
  file = {:/home/anagno/Documents/unipi/1ο Εξάμηνο/Εισαγωγή στην Επιστήμη των Υπολογιστών/references/Kondoh200682.pdf:PDF},
  issn = {0167-6423},
  keywords = {Structured programming},
  url = {http://www.sciencedirect.com/science/article/pii/S0167642305000924}
}

@MISC{quantum_coding,
  author = {Quantum Leaps},
  title = {Application Note C/C++ Coding Standard},
  howpublished = {\url{http://www.state-machine.com/doc/AN_QL_Coding_Standard.pdf}},
  year = {2008},
  file = {:/home/anagno/Documents/unipi/1ο Εξάμηνο/Εισαγωγή στην Επιστήμη των Υπολογιστών/references/quantum_coding.pdf:PDF},
  timestamp = {2013.12.21},
  url = {http://www.state-machine.com/doc/AN_QL_Coding_Standard.pdf}
}

@INCOLLECTION{software_reuse,
  author = {Lee, Kwanwoo and Kang, KyoC. and Lee, Jaejoon},
  title = {Concepts and Guidelines of Feature Modeling for Product Line Software
	Engineering},
  booktitle = {Software Reuse: Methods, Techniques, and Tools},
  publisher = {Springer Berlin Heidelberg},
  year = {2002},
  editor = {Gacek, Cristina},
  volume = {2319},
  series = {Lecture Notes in Computer Science},
  pages = {62-77},
  doi = {10.1007/3-540-46020-9_5},
  file = {:/home/anagno/Documents/unipi/1ο Εξάμηνο/Εισαγωγή στην Επιστήμη των Υπολογιστών/references/software_reuse.pdf:PDF},
  isbn = {978-3-540-43483-2},
  language = {English},
  url = {http://dx.doi.org/10.1007/3-540-46020-9_5}
}

@MISC{site:fx_alpha,
  author = {David H. Leserman},
  title = {FX-ALPHA C and C++ Coding Conventions},
  howpublished = {\url{http://fxa.noaa.gov/manuals/codingGuidelines.html}},
  note = {[Πρόσβαση στις 24 Δεκμβρίου 2013]},
  timestamp = {2013.12.24},
  url = {http://fxa.noaa.gov/manuals/codingGuidelines.html}
}

@INPROCEEDINGS{Li:2005:ETC:1095714.1095770,
  author = {Li, Xiaosong and Prasad, Christine},
  title = {Effectively Teaching Coding Standards in Programming},
  booktitle = {Proceedings of the 6th Conference on Information Technology Education},
  year = {2005},
  series = {SIGITE '05},
  pages = {239--244},
  address = {New York, NY, USA},
  publisher = {ACM},
  acmid = {1095770},
  doi = {10.1145/1095714.1095770},
  file = {:/home/anagno/Documents/unipi/1ο Εξάμηνο/Εισαγωγή στην Επιστήμη των Υπολογιστών/Θέμα Εξαμήνου/references/Xiaosong.pdf:PDF},
  isbn = {1-59593-252-6},
  keywords = {coding standards, teaching programming},
  location = {Newark, NJ, USA},
  numpages = {6},
  url = {http://doi.acm.org/10.1145/1095714.1095770}
}

@MASTERSTHESIS{YouHai,
  author = {Lim, You Hai},
  title = {Tool Support for Learning Programming Style},
  school = {The University of Western Australia},
  year = {2009},
  file = {:/home/anagno/Documents/unipi/1ο Εξάμηνο/Εισαγωγή στην Επιστήμη των Υπολογιστών/Θέμα Εξαμήνου/references/YouHai.pdf:PDF}
}

@MISC{site:style_guides,
  author = {Christopher M. Lott},
  title = {C and C++ Style Guides},
  howpublished = {\url{http://www.maultech.com/chrislott/resources/cstyle/}},
  note = {[Πρόσβαση στις 18 Δεκμβρίου 2013]},
  timestamp = {2013.12.18},
  url = {http://www.maultech.com/chrislott/resources/cstyle/}
}

@BOOK{McConnell,
  title = {Code Complete, Second Edition},
  publisher = {Microsoft Press},
  year = {2004},
  author = {McConnell, Steve},
  address = {Redmond, WA, USA},
  file = {:/home/anagno/Documents/unipi/1ο Εξάμηνο/Εισαγωγή στην Επιστήμη των Υπολογιστών/Θέμα Εξαμήνου/references/McConnell.pdf:PDF},
  isbn = {0735619670, 9780735619678}
}

@INPROCEEDINGS{Mohan,
  author = {Mohan, A. and Gold, N.},
  title = {Programming style changes in evolving source code},
  booktitle = {Program Comprehension, 2004. Proceedings. 12th IEEE International
	Workshop on},
  year = {2004},
  pages = {236-240},
  doi = {10.1109/WPC.2004.1311066},
  file = {:/home/anagno/Documents/unipi/1ο Εξάμηνο/Εισαγωγή στην Επιστήμη των Υπολογιστών/references/Mohan.pdf:PDF},
  issn = {1092-8138},
  keywords = {software maintenance;source coding;program comprehensibility;program
	evolution;program maintenance;programming style;source code;typographical
	style;Costs;Genetic programming;Gold;Information systems;Monitoring;Programming
	profession;Quality assurance;Software maintenance;Software quality;Software
	systems}
}

@ARTICLE{Oman1991287,
  author = {Paul W. Oman and Curtis R. Cook},
  title = {A programming style taxonomy },
  journal = {Journal of Systems and Software },
  year = {1991},
  volume = {15},
  pages = {287 - 301},
  number = {3},
  doi = {http://dx.doi.org/10.1016/0164-1212(91)90044-7},
  file = {:/home/anagno/Documents/unipi/1ο Εξάμηνο/Εισαγωγή στην Επιστήμη των Υπολογιστών/Θέμα Εξαμήνου/references/Oman1991287.pdf:PDF},
  issn = {0164-1212},
  url = {http://www.sciencedirect.com/science/article/pii/0164121291900447}
}

@ARTICLE{Oman,
  author = {Oman, P. W. and Cook, C. R.},
  title = {A Paradigm for Programming Style Research},
  journal = {SIGPLAN Not.},
  year = {1988},
  volume = {23},
  pages = {69--78},
  number = {12},
  month = dec,
  acmid = {57675},
  address = {New York, NY, USA},
  doi = {10.1145/57669.57675},
  file = {:/home/anagno/Documents/unipi/1ο Εξάμηνο/Εισαγωγή στην Επιστήμη των Υπολογιστών/Θέμα Εξαμήνου/references/Oman.pdf:PDF},
  issn = {0362-1340},
  issue_date = {Dec. 1988},
  numpages = {10},
  publisher = {ACM},
  url = {http://doi.acm.org/10.1145/57669.57675}
}

@TECHREPORT{paoli2000c++,
  author = {Paoli, S and Binko, P and Burckhart, D and Fisher, SM and Hrivnacova,
	I and Lamanna, M and Stavrianakou, M and Wellisch, HP},
  title = {C++ coding standard specification},
  institution = {Technical Report CERN-UCO/1999/207, CERN},
  year = {2000},
  file = {:/home/anagno/Documents/unipi/1ο Εξάμηνο/Εισαγωγή στην Επιστήμη των Υπολογιστών/references/paoli2000.pdf:PDF}
}

@MISC{site:pcl,
  author = {PCL},
  title = {PCL C++ Programming Style Guide},
  howpublished = {\url{http://pointclouds.org/documentation/advanced/pcl_style_guide.php\#naming}},
  note = {[Πρόσβαση στις 25 Ιανουαρίου 2014]},
  timestamp = {2014.1.25},
  url = {http://pointclouds.org/documentation/advanced/pcl_style_guide.php#naming}
}

@BOOK{Pressman,
  title = {Software Engineering: A Practitioner's Approach w/ E-Source on CD-ROM},
  publisher = {{McGraw-Hill Science/Engineering/Math}},
  year = {2001},
  author = {Pressman, Roger S.},
  month = nov,
  abstract = {{Pressman's Software Engineering: A Practitioner's Approach is celebrating
	20 years of excellence in the software engineering field. This comprehensive
	5th edition provides excellent explanations of all the important
	topics in software engineering and enhances them with diagrams, examples,
	exercises, and references. <P>In the fifth edition, a new design
	has been added to make the book more user friendly. Several chapters
	have been added including chapters on Web Engineering and User Interface
	Design.}},
  file = {:/home/anagno/Documents/unipi/1ο Εξάμηνο/Εισαγωγή στην Επιστήμη των Υπολογιστών/Θέμα Εξαμήνου/references/Pressman.pdf:PDF},
  howpublished = {Hardcover},
  isbn = {0072496681},
  keywords = {changemanagement, software-configuration-management, softwareengineering},
  posted-at = {2005-12-07 14:07:14},
  priority = {0},
  url = {http://www.amazon.com/exec/obidos/redirect?tag=citeulike07-20\&path=ASIN/0072496681}
}

@MISC{site:razvanpetru,
  author = {razvanpetru},
  title = {The “Large-Scale C++ Software Design” rules in practice},
  howpublished = {\url{http://blog.codeimproved.net/2009/03/the-large-scale-c-software-design-rules-in-practice/}},
  note = {[Πρόσβαση στις 21 Δεκμβρίου 2013]},
  timestamp = {2013.12.18},
  url = {http://blog.codeimproved.net/2009/03/the-large-scale-c-software-design-rules-in-practice/}
}

@MISC{site:geosoft,
  author = {Geotechnical Software Services},
  title = {C++ Programming Style Guidelines},
  howpublished = {\url{http://geosoft.no/development/cppstyle.html}},
  note = {[Πρόσβαση στις 29 Δεκμβρίου 2013]},
  timestamp = {2013.12.29},
  url = {http://geosoft.no/development/cppstyle.html}
}

@MISC{site:bjarne_coding,
  author = {Bjarne Stroustrup},
  title = {Bjarne Stroustrup's C++ Style and Technique FAQ},
  howpublished = {\url{http://www.stroustrup.com/bs_faq2.html}},
  note = {[Πρόσβαση στις 21 Δεκμβρίου 2013]},
  timestamp = {2013.12.21},
  url = {http://www.stroustrup.com/bs_faq2.html}
}

@BOOK{sutter2004c++,
  title = {C++ coding standards: 101 rules, guidelines, and best practices},
  publisher = {Pearson Education},
  year = {2004},
  author = {Sutter, Herb and Alexandrescu, Andrei},
  file = {:/home/anagno/Documents/unipi/1ο Εξάμηνο/Εισαγωγή στην Επιστήμη των Υπολογιστών/references/CPP101.pdf:PDF}
}

@ARTICLE{p33-thomas,
  author = {Thomas, Lynda and Ratcliffe, Mark and Woodbury, John and Jarman,
	Emma},
  title = {Learning Styles and Performance in the Introductory Programming Sequence},
  journal = {SIGCSE Bull.},
  year = {2002},
  volume = {34},
  pages = {33--37},
  number = {1},
  month = feb,
  acmid = {563352},
  address = {New York, NY, USA},
  doi = {10.1145/563517.563352},
  file = {:/home/anagno/Documents/unipi/1ο Εξάμηνο/Εισαγωγή στην Επιστήμη των Υπολογιστών/references/p33-thomas.pdf:PDF},
  issn = {0097-8418},
  issue_date = {March 2002},
  keywords = {Diagnostic testing, Introductory programming, Learning styles, Software
	Engineering Education, Student profiling},
  numpages = {5},
  publisher = {ACM},
  url = {http://doi.acm.org/10.1145/563517.563352}
}

@INPROCEEDINGS{p33-thomas2,
  author = {Thomas, Lynda and Ratcliffe, Mark and Woodbury, John and Jarman,
	Emma},
  title = {Learning Styles and Performance in the Introductory Programming Sequence},
  booktitle = {Proceedings of the 33rd SIGCSE Technical Symposium on Computer Science
	Education},
  year = {2002},
  series = {SIGCSE '02},
  pages = {33--37},
  address = {New York, NY, USA},
  publisher = {ACM},
  acmid = {563352},
  doi = {10.1145/563340.563352},
  file = {:/home/anagno/Documents/unipi/1ο Εξάμηνο/Εισαγωγή στην Επιστήμη των Υπολογιστών/references/p33-thomas.pdf:PDF},
  isbn = {1-58113-473-8},
  keywords = {Diagnostic testing, Introductory programming, Learning styles, Software
	Engineering Education, Student profiling},
  location = {Cincinnati, Kentucky},
  numpages = {5},
  url = {http://doi.acm.org/10.1145/563340.563352}
}

@MISC{site:linux_style,
  author = {Linus Torvalds},
  title = {Linux kernel coding style},
  howpublished = {\url{https://www.kernel.org/doc/Documentation/CodingStyle}},
  note = {[Πρόσβαση στις 18 Δεκμβρίου 2013]},
  timestamp = {2013.12.18},
  url = {https://www.kernel.org/doc/Documentation/CodingStyle}
}

@ARTICLE{WangZH08,
  author = {Wang, Yanqing and Zheng, Bo and Huang, Hujie},
  title = {Complying with Coding Standards or Retaining Programming Style: A
	Quality Outlook at Source Code Level.},
  journal = {JSEA},
  year = {2008},
  volume = {1},
  pages = {88-91},
  number = {1},
  added-at = {2011-11-08T00:00:00.000+0100},
  biburl = {http://www.bibsonomy.org/bibtex/2d17b36887f7acc471d58b647a2757e64/dblp},
  ee = {http://dx.doi.org/10.4236/jsea.2008.11013},
  file = {:/home/anagno/Documents/unipi/1ο Εξάμηνο/Εισαγωγή στην Επιστήμη των Υπολογιστών/references/WangZH08.pdf:PDF},
  interhash = {d76300ba0d56868102d57563f1d0cc5d},
  intrahash = {d17b36887f7acc471d58b647a2757e64},
  keywords = {dblp},
  timestamp = {2011-11-08T00:00:00.000+0100},
  url = {http://dblp.uni-trier.de/db/journals/jsea/jsea1.html#WangZH08}
}

@MISC{wikibook:ada,
  author = {Wikibooks},
  title = {Ada Quality and Style Guide},
  howpublished = {\url{http://en.wikibooks.org/wiki/Ada_Style_Guide}},
  note = {[Πρόσβαση στις 21 Δεκμβρίου 2013]},
  file = {:/home/anagno/Documents/unipi/1ο Εξάμηνο/Εισαγωγή στην Επιστήμη των Υπολογιστών/Θέμα Εξαμήνου/references/Ada_Style_Guide.pdf:PDF},
  timestamp = {2013.12.18},
  url = {http://en.wikibooks.org/wiki/Ada_Style_Guide}
}

@MISC{wikibook:cpp_programming,
  author = {Wikibooks},
  title = {C++ Programming},
  howpublished = {\url{http://en.wikibooks.org/wiki/C%2B%2B_Programming/Programming_Languages/C%2B%2B/Code/Style_Conventions}},
  note = {[Πρόσβαση στις 22 Δεκμβρίου 2013]},
  timestamp = {2013.12.18},
  url = {http://en.wikibooks.org/wiki/C%2B%2B_Programming/Programming_Languages/C%2B%2B/Code/Style_Conventions}
}

@MISC{wikibook:cpp_style,
  author = {Wikibooks},
  title = {Computer Programming/Coding Style},
  howpublished = {\url{http://en.wikibooks.org/wiki/Computer_Programming/Coding_Style}},
  note = {[Πρόσβαση στις 22 Δεκμβρίου 2013]},
  timestamp = {2013.12.18},
  url = {http://en.wikibooks.org/wiki/Computer_Programming/Coding_Style}
}

@MISC{wiki:camelCase,
  author = {Wikipedia},
  title = {CamelCase --- {W}ikipedia{,} The Free Encyclopedia},
  howpublished = {\url{http://en.wikipedia.org/wiki/CamelCase}},
  note = {[Πρόσβαση στις 30 Δεκμβρίου 2013]},
  timestamp = {2013.12.30},
  url = {http://en.wikipedia.org/wiki/CamelCase}
}

@MISC{wiki:coding_convetions,
  author = {Wikipedia},
  title = {Coding conventions --- {W}ikipedia{,} The Free Encyclopedia},
  howpublished = {\url{http://en.wikipedia.org/wiki/Coding_conventions}},
  note = {[Πρόσβαση στις 21 Δεκμβρίου 2013]},
  timestamp = {2013.12.21},
  url = {http://en.wikipedia.org/wiki/Coding_conventions}
}

@MISC{wiki:coding_practices,
  author = {Wikipedia},
  title = {Best coding practices --- {W}ikipedia{,} The Free Encyclopedia},
  howpublished = {\url{http://en.wikipedia.org/wiki/Best_coding_practices}},
  note = {[Πρόσβαση στις 18 Δεκμβρίου 2013]},
  timestamp = {2013.12.18},
  url = {http://en.wikipedia.org/wiki/Best_coding_practices}
}

@MISC{wiki:Programming_style,
  author = {Wikipedia},
  title = {Programming style --- {W}ikipedia{,} The Free Encyclopedia},
  howpublished = {\url{http://en.wikipedia.org/wiki/Programming_style}},
  note = {[Πρόσβαση στις 18 Δεκμβρίου 2013]},
  timestamp = {2013.12.18},
  url = {http://en.wikipedia.org/wiki/Programming_style}
}

@MISC{wiki:Software_quality,
  author = {Wikipedia},
  title = {Software quality --- {W}ikipedia{,} The Free Encyclopedia},
  howpublished = {\url{http://en.wikipedia.org/wiki/Software_quality_model\#Measurement}},
  note = {[Πρόσβαση στις 21 Δεκμβρίου 2013]},
  timestamp = {2013.12.18},
  url = {http://en.wikipedia.org/wiki/Software_quality_model#Measurement}
}

@MISC{site:yolinux,
  author = {YoLinux.com},
  title = {C++ Coding Practices, Style, Standards and document generation (dOxygen)},
  howpublished = {\url{http://www.yolinux.com/TUTORIALS/LinuxTutorialC++CodingStyle.html}},
  note = {[Πρόσβαση στις 21 Δεκμβρίου 2013]},
  timestamp = {2013.12.21},
  url = {http://www.yolinux.com/TUTORIALS/LinuxTutorialC++CodingStyle.html}
}

